@article{bib:my:ttd_with_patterns_2019,
  author      = {Лебедев, О. В.  and Коромысличенко, В. Н.},
  title       = {Применении парадигмы тестирования и паттернов проектирования
	при разработке специализированного программного обеспечения
	в ответственных областях применения},
  journal     = {Гидроприбор},
  year        = {2019},
  volume      = {5},
  number      = {48},
  pages       = {91-96},
  language    = {russian},
  authorother = {true},
  authorvak   = {true}
}

@conference{bib2,
  author     = {Фамилия, И. О.},
  title      = {название тезисов конференции},
  booktitle  = {Название сборника},
  year       = {2012},
  language   = {russian},
  authorconf = {true}
}

@inproceedings{confbib1,
  author     = {Фамилия, И. О.},
  title      = {название тезисов конференции},
  booktitle  = {Название сборника},
  year       = {2015},
  language   = {russian},
  authorconf = {true}
}

@conference{confbib2,
  author     = {Фамилия, И. О.},
  title      = {название тезисов конференции},
  booktitle  = {Название сборника},
  year       = {2015},
  language   = {russian},
  authorconf = {true}
}

@article{scbib1,
  author       = {Фамилия, И. О. and Фамилия2, И. О. and Фамилия3, И. О.},
  title        = {Название статьи},
  journal      = {Журнал},
  year         = {2018},
  volume       = {2},
  number       = {1},
  pages        = {99--102},
  language     = {russian},
  authorscopus = {true},
  authorwos    = {true},
  addendum     = {(Scopus, WoS)}
}

@article{vakbib1,
  author    = {Фамилия, И. О. and Фамилия2, И. О. and Фамилия3, И. О.},
  addendum  = {(0,28~п.~л.; ВАК, WoS)},
  title     = {Название статьи},
  journal   = {Журнал},
  year      = {2013},
  volume    = {1},
  number    = {5},
  pages     = {100--120},
  language  = {russian},
  authorvak = {true},
  authorwos = {true}
}

@article{vakbib2,
  author    = {Фамилия, И. О. and Фамилия2, И. О. and Фамилия3, И. О. and Фамилия4, И. О.},
  addendum  = {(0,33~п.~л.~/ 0,28~п.~л.; ВАК)},
  title     = {Название статьи},
  journal   = {Журнал},
  year      = {2014},
  volume    = {1},
  number    = {5},
  pages     = {100--120},
  language  = {russian},
  authorvak = {true}
}

@article{wosbib1,
  author    = {Фамилия, И. О. and Фамилия2, И. О. and Фамилия3, И. О.},
  addendum  = {(0,21~п.~л., WoS)},
  title     = {Название статьи},
  journal   = {Журнал},
  year      = {2011},
  volume    = {1},
  number    = {8},
  pages     = {105--120},
  language  = {russian},
  authorwos = {true}
}
