@article{article:brief_history,
  author    = {Craig Larman and Victor R. Basili},
  journal   = {IEEE Computer},
  number    = {6},
  owner     = {ulrich},
  pages     = {47–56},
  timestamp = {2019.01.15},
  title     = {Iterative and Incremental Development: A Brief History},
  volume    = {36},
  year      = {2003}
}

@book{book:clean:clean_arch,
  address   = {СПб},
  author    = {Мартин Роберт},
  language  = {russian},
  note      = {{ISBN:} 978-5-4461-0772-8},
  numpages  = {352},
  city      = {СПб},
  series    = {Библиотка программиста},
  publisher = {Питер},
  title     = {Чистая архитектура. Искусство разработки программного обеспечения},
  year      = {2018}
}

@book{book:clean:clean_code,
  address   = {СПб},
  author    = {Мартин Роберт},
  language  = {russian},
  note      = {{ISBN:} 978-5-49807-381-1},
  numpages  = {464},
  publisher = {Питер},
  title     = {Чистый код. Создание, анализ и рефакторинг},
  year      = {2011}
}


@book{book:git:git_for_prof,
  address   = {СПб},
  author    = {Чакота Скотт and Штраб Бен},
  language  = {russian},
  note      = {{ISBN:} 978-5-496-01763-3},
  numpages  = {494},
  publisher = {Питер},
  title     = {GIT для профессионального программиста. Подробное описание самой популярной системы контроля версий},
  year      = {2016}
}

@book{book:gost:52070,
  title     = {ГОСТ Р 52070-2003 Интерфейс магистральный последовательный системы электронных модулей. Общие требования},
  address   = {М.},
  note      = {УДК 681.327.8:006.354},
  publisher = {Стандартинформ},
  year      = {2003},
  pages     = {23},
  language  = {russian}
}

@book{book:gost:56922,
  title     = {ГОСТ Р 56922-2016/ISO/IEC/IEEE 29119-3:2013
	Системная и программная инженерия. Тестирование программного обеспечения. Часть~3. Документация тестирования},
  address   = {М.},
  publisher = {Стандартинформ},
  year      = {2016},
  pages     = {107},
  language  = {russian}
}

@book{book:gost:56272,
  title     = {ГОСТ Р 26272-2014/ISO/TS 15926-8:2011
	Системы промышленной автоматизации и интеграция. Интеграция данных жизненного цикла перерабатывающих предприятий, включая нефтяные и газовые производственные предприятия.
  Часть 8. Практические методы интеграции распределенных систем: практическая реализация сетевого языка онтологий OWL.},
  address   = {М.},
  publisher = {Стандартинформ},
  year      = {2016},
  pages     = {41},
  language  = {russian}
}

@book{book:gost:modbus_program_language,
  title     = {ГОСТ Р МЭК 61131-3-2016 Контроллеры программируемые. Часть 3. Языки программирования},
  address   = {М.},
  publisher = {Стандартинформ},
  year      = {2016},
  language  = {russian},
  pages     = {227}
}

@book{book:Immitmodelsiste,
  author    = {В. Д. Боев},
  isbn      = {978-5-534-04734-9},
  location  = {Москва},
  pages     = {253},
  publisher = {Юрайт},
  title     = {Имитационные модели систем}
}

@book{book:OhtilevSokolovUsupov,
  author    = {М. Ю. Охтилев and Б. В. Соколов and Р. М. Юсупов},
  isbn      = {5-02-033789-7},
  location  = {Москва},
  pages     = {408},
  publisher = {Наука},
  title     = {Интеллектуальные технологии мониторинга и управления структурной динамикой сложных технических объектов},
  year      = {2006}
}

@book{book:oop:oop_analize,
  address   = {Москва},
  author    = {Гради Буч and Роберт А. Максимчук and Майкл У. Энгл and Бобби Дж. Янг and Джим Коналлен and Келли А. Хьюстон},
  language  = {russian},
  note      = {{ISBN:} 978-5-8459-1401-9},
  numpages  = {720},
  publisher = {ООО "И.Д. Вильямс"},
  edition   = {3-е изд.},
  title     = {Объектно-ориентированный анализ и проектирование с примерами приложений},
  year      = {2010}
}

@book{book:pattern:band_of_4,
  author    = {Эрих Гамма and Ричард Хелм and Ральф Джонсон and Джон Влиссидес},
  owner     = {ulrich},
  pages     = {368},
  series    = {Библиотека программиста},
  publisher = {Питер},
  city      = {СПб},
  title     = {Приемы объектно-ориентированного проектирования. Паттерны проектирования},
  year      = {2013}
}

@book{book:pattern:head_first,
  author    = {Эрик Фримен and Элизабет Робсон and Кэти Сиерра and Бейтс Берт},
  owner     = {ulrich},
  pages     = {656},
  city      = {СПб},
  publisher = {Питер},
  series    = {Head First O`Reilly},
  title     = {Паттерны проектирования.},
  year      = {2014}
}

@book{book:refactoring:martin,
  address   = {СПб},
  author    = {Мартин Фаулер and Кент Бек and Джон Брант and Уильям Апдайк and Дон Робертс and Эрих Гамма},
  language  = {russian},
  numpages  = {432},
  publisher = {Символ-Плюс},
  title     = {Рефакторинг. Улучшение существующего кода},
  year      = {2008}
}

@book{book:tdd:KentBeck,
  address   = {СПб},
  author    = {Бек Кент},
  language  = {russian},
  numpages  = {224},
  publisher = {Питер},
  title     = {Экстремальное программирование. Разработка через тесты},
  series    = {Библиотека программиста},
  year      = {2020}
}

@manual{book:test:ispran_manual,
  address      = {Москва},
  author       = {А. С. Камкин},
  keywords     = {формальная спецификация, формальная верификация, дедуктивный анализ, проверка моделей, тестирование на основе моделей, Frama-C, S pin},
  organization = {МАКС Пресс,},
  owner        = {ulrich},
  pages        = {272},
  timestamp    = {2019.01.15},
  title        = {Введение в формальные методы верификации программ: Учебное пособие.},
  year         = {2018}
}

@article{w3c:rdf:lassila,
  author        = {Lassila, O.},
  journal       = {W3C Recommendation},
  title         = {Resource description framework (RDF) model and syntax specification},
  volume        = {22 February},
  year          = {1999}
}

@article{DBLP:journals/corr/abs-1711-05082,
  archiveprefix = {arXiv},
  author        = {Maria Siniaalto and Pekka Abrahamsson},
  bibsource     = {dblp computer science bibliography, https://dblp.org},
  biburl        = {https://dblp.org/rec/bib/journals/corr/abs-1711-05082},
  eprint        = {1711.05082},
  journal       = {CoRR},
  timestamp     = {Mon, 13 Aug 2018 16:49:09 +0200},
  title         = {A Comparative Case Study on the Impact of Test-Driven Development on Program Design and Test Coverage},
  url           = {http://arxiv.org/abs/1711.05082},
  volume        = {abs/1711.05082},
  year          = {2017}
}

@article{DBLP:journals/corr/abs-1807-06850,
  archiveprefix = {arXiv},
  author        = {Adrian Santos and Janne Järvinen and Jari Partanen and Markku Oivo and Natalia Juristo},
  bibsource     = {dblp computer science bibliography, https://dblp.org},
  biburl        = {https://dblp.org/rec/bib/journals/corr/abs-1807-06850},
  eprint        = {1807.06850},
  journal       = {CoRR},
  timestamp     = {Mon, 13 Aug 2018 16:48:47 +0200},
  title         = {Does the performance of {TDD} hold across software companies and premises? {A} group of industrial experiments on {TDD}},
  url           = {http://arxiv.org/abs/1807.06850},
  volume        = {abs/1807.06850},
  year          = {2018}
}

@article{DBLP:journals/corr/CarvalhoSTA15,
  archiveprefix = {arXiv},
  author        = {Rogerio Atem de Carvalho and Hudson Silva and Rafael Ferreira Toledo and Milena Silveira de Azevedo},
  bibsource     = {dblp computer science bibliography, https://dblp.org},
  biburl        = {https://dblp.org/rec/bib/journals/corr/CarvalhoSTA15},
  eprint        = {1507.07969},
  journal       = {CoRR},
  timestamp     = {Mon, 13 Aug 2018 16:47:09 +0200},
  title         = {{TDD} for Embedded Systems: {A} Basic Approach and Toolset},
  url           = {http://arxiv.org/abs/1507.07969},
  volume        = {abs/1507.07969},
  year          = {2015}
}

@book{Gost.7.0.53,
  address   = {Москва},
  language  = {russian},
  numpages  = {5},
  publisher = {Стандартинформ},
  title     = {ГОСТ Р 7.0.53-2007 Система стандартов по информации, библиотечному и издательскому делу. Издания. Международный стандартный книжный номер. Использование и издательское оформление.},
  year      = {2007}
}

@article{journal:computer:1993:therac25,
  author  = {Leveson, Nancy G. and Turner, Clark S.},
  journal = {Computer},
  title   = {An investigation of the Therac-25 accidents},
  year    = {1993},
  volume  = {26},
  number  = {7},
  pages   = {18-41},
  month   = Jul,
  note    = {https://web.stanford.edu/class/cs240/old/sp2014/readings/therac-25.pdf}
}

@article{journal:open_system:1998_adjaev,
  author  = {Аджиев, В.},
  journal = {Открытые системы. СУБД},
  title   = {Мифы о безопасном ПО: уроки знаменитых катастроф},
  year    = {1998},
  volume  = {06}
}

@article{journal:vechisl_tech:2004_okolnischnikov,
  author  = {Окольнишников, В.В.},
  journal = {Вычислительные технологии},
  title   = {Использование имитационного моделирования при разработке автоматизированной
			системы управления технологическими процессами Северомуйского тоннеля},
  year    = {2004},
  volume  = {9},
  number  = {5},
  pages   = {82-101}
}

@online{url:test:googletest,
  title    = {Google test},
  author   = {Google Inc.},
  journal  = {GitHub},
  note     = {\url{http://www.github.com/google/googletest}. Дата обращения 08.11.2018},
  medium   = {Электронный ресурс},
  language = {english}
}

@article{journal:iter_research_guriev_2016,
  author  = {Гурьев, С.В.},
  journal = {Международный научно-исследовательский журнал},
  title   = {Подходы в имитации аварийных ситуаций в АСУ ТП},
  year    = {2016},
  volume  = {10},
  number  = {52},
  pages   = {27-30}
}

@book{book:vvedeni_imit_model_1987,
  author    = {Прицкер, А.},
  pages     = {646},
  city      = {Москва},
  publisher = {Мир},
  title     = {Введение в имитационное моделирование и язык СЛАМ-2},
  year      = {1987}
}

@article{journal:vechisl_tech:2013:Golushko,
  author  = {Голушко, С.К. and Меркулов, И.В. and Михальцов, Э.Г. and Чейдо, Г.П. and Шакиров, Р.А. and Шакиров С.Р.},
  journal = {Вычислительные технологии},
  title   = {Индустриальные информационно-управляющие системы: от проектирования и разработки до практической реализации},
  year    = {2013},
  volume  = {18},
  note    = {Специальный выпуск 1: Труды Всероссийской конференции «Индустриальные информационные системы-2013» на русском и английском языке},
  pages   = {4-11}
}

@article{journal:vestnic_novosib:palchunov,
  author = {Пальчунов, Д.Е. and Яхъева, Г.Э. and Ясинская, О.В.},
  journal = {Вестник Новосиб. гос. ун-та},
  title = {Применение теоретико-модельных методов и онтологического моделирования для автоматизации диагностирования заболеваний},
  year = {2015},
  volume = {13},
  number = {3},
  pages = {42-51},
  series = {Информационные технологии}
}

@article{journal:naukovedenie:serdukov,
  author = {Сердюков, С.Д. and Сердюкова, Н.К.},
  journal = {Интернет журнал "Науковедение"},
  title = {Разработка онтологической модели предметной области туристического бизнеса},
  year = {2016},
  volume = {8},
  number = {3},
  pages = {19},
  note = {http://naukovedenie.ru/PDF/58EVN316.pdf (доступ свободный). Загл. с экрана. Яз. рус., англ.}
}

@article{journal:vestnik_igeu:elizarova,
  author = {Елизарова, Н.Н. and Архангельская, Е.Л.},
  journal = {Вестник ИГЭУ},
  title = {Применение графоаналитического метода анализа предметной области при проектировании информационных систем},
  year = {2010},
  volume = {4},
  pages = {5},
}

@book{book:math_logic:guz,
  address   = {Омск},
  author    = {Гуц, А.К.},
  language  = {russian},
  numpages  = {108},
  publisher = {Наследие. Диалог-Сибирь},
  title     = {Математическая логика и теория алгоритмов},
  note      = {Учебное пособие},
  year      = {2003}
}

@article{journal:vestnik_spbgu:ivakin,
  author = {Ивакин, Я.А. and Панькин, А.В.},
  journal = {Вестник Санкт-Петербургского университета},
  title = {Изоморфность обобщенной и конкретизированных онтологий диспетчерской деятельности},
  year = {2008},
  volume = {10},
  number = {1},
  pages = {75-86}
}

@article{journal:vestnik_vgtu:shapkin,
  author = {Шапкин, П.А.},
  journal = {Вестник ВГТУ},
  title = {Модели и методы разработки веб-приложений на основе онтологии предметной области},
  year = {2009},
  volume = {10},
  pages = {6}
}

@book{book:bruks:myth_mount_man,
  author    = {Брукс, Ф.},
  title     = {Мифический человеко-месяц или как создаются программные системы},
  publisher = {Символ-Плюс},
  language  = {russian},
  numpages  = {304},
  series    = {Проффесионально},  
  year      = {2007},
  note      = {{ISBN:} 5-93286-005-7}
}